<record><leader>00000cas a22000007a 4500</leader><controlfield tag="001">18310569</controlfield><controlfield tag="008">880804d19101912laudn ne      0    0eng d</controlfield><datafield ind1=" " ind2=" " tag="010"><subfield code="a">sn 88064589 </subfield></datafield><datafield ind1=" " ind2=" " tag="040"><subfield code="a">LNP</subfield><subfield code="b">eng</subfield><subfield code="c">LNP</subfield><subfield code="d">OCLCQ</subfield></datafield><datafield ind1=" " ind2=" " tag="042"><subfield code="a">msc</subfield></datafield><datafield ind1="0" ind2="0" tag="245"><subfield code="a">Lake Charles daily American-press.</subfield></datafield><datafield ind1=" " ind2=" " tag="260"><subfield code="a">Lake Charles, La. :</subfield><subfield code="b">[Albert M. Jones and Guy Beatty]</subfield></datafield><datafield ind1=" " ind2=" " tag="300"><subfield code="a">v.</subfield></datafield><datafield ind1=" " ind2=" " tag="310"><subfield code="a">Daily (except Sun.)</subfield></datafield><datafield ind1="1" ind2=" " tag="362"><subfield code="a">Began with Jan. 10, 1910 issue.</subfield></datafield><datafield ind1="0" ind2=" " tag="362"><subfield code="a">-18th yr., no. 5448 (July 19, 1912) [Mail ed.].</subfield></datafield><datafield ind1=" " ind2=" " tag="515"><subfield code="a">Some issues have two editions: Mail edition and City edition.</subfield></datafield><datafield ind1=" " ind2=" " tag="588"><subfield code="a">Description based on: No. 2 (Jan. 11, 1910).</subfield></datafield><datafield ind1=" " ind2=" " tag="752"><subfield code="a">United States</subfield><subfield code="b">Louisiana</subfield><subfield code="c">Calcasieu</subfield><subfield code="d">Lake Charles.</subfield></datafield><datafield ind1="0" ind2=" " tag="775"><subfield code="t">Lake Charles American-press (Lake Charles, La. : Weekly)</subfield><subfield code="w">(DLC)sn 88064584</subfield></datafield><datafield ind1="0" ind2="4" tag="780"><subfield code="t">Lake Charles daily American</subfield><subfield code="w">(DLC)sn 88064587</subfield></datafield><datafield ind1="0" ind2="4" tag="780"><subfield code="t">Lake Charles daily press</subfield><subfield code="w">(DLC)sn 88064588</subfield></datafield><datafield ind1="0" ind2="0" tag="785"><subfield code="t">Lake Charles American-press (Lake Charles, La. : Daily)</subfield><subfield code="w">(DLC)sn 83004233</subfield></datafield><datafield ind1="1" ind2=" " tag="029"><subfield code="a">AU@</subfield><subfield code="b">000025826504</subfield></datafield></record>